<?xml version="1.0" encoding="UTF-8"?>
<collection xmlns:xsi="http://www.w3.org/2001/XMLSchema-instance" xsi:schemaLocation="http://www.loc.gov/MARC21/slim http://www.loc.gov/standards/marcxml/schema/MARC21slim.xsd" xmlns="http://www.loc.gov/MARC21/slim">
<record>
  <leader>00881cam a22002291i 4500</leader>
  <controlfield tag="001">2520801</controlfield>
  <controlfield tag="003">NNC</controlfield>
  <controlfield tag="005">20160718164905.0</controlfield>
  <controlfield tag="008">990903s1970    iq           f      ara d</controlfield>
  <datafield tag="035" ind1=" " ind2=" ">
    <subfield code="a">(OCoLC)43949965</subfield>
  </datafield>
  <datafield tag="035" ind1=" " ind2=" ">
    <subfield code="a">(OCoLC)ocm43949965</subfield>
  </datafield>
  <datafield tag="035" ind1=" " ind2=" ">
    <subfield code="9">AQH3735CU</subfield>
  </datafield>
  <datafield tag="035" ind1=" " ind2=" ">
    <subfield code="a">(NNC)2520801</subfield>
  </datafield>
  <datafield tag="040" ind1=" " ind2=" ">
    <subfield code="a">NNC</subfield>
    <subfield code="c">UPvMLC</subfield>
  </datafield>
  <datafield tag="090" ind1=" " ind2=" ">
    <subfield code="a">HC497.I7</subfield>
    <subfield code="b">A83</subfield>
  </datafield>
  <datafield tag="110" ind1="1" ind2=" ">
    <subfield code="a">Iraq.</subfield>
    <subfield code="b">Wizārat al-Takhṭīṭ.</subfield>
  </datafield>
  <datafield tag="245" ind1="1" ind2="3">
    <subfield code="a">al-Aṭār al-tafṣīlī al-mabdaʾī li-khiṭṭat al-tanmiyah al-qawmīyah, 1970-1974 :</subfield>
    <subfield code="b">al-faṣl al-awwal, Taḥlīl al-iqtiṣād al-ʻIrāqī ḥattá sanat al-asās 1969 /</subfield>
    <subfield code="c">al-Jumhūrīyah al-ʻIraqīyah, Wizārat al-Takhṭīṭ.</subfield>
  </datafield>
  <datafield tag="246" ind1="3" ind2="0">
    <subfield code="a">Tahlīl al-iqtisād al-ʻIrāqī hattā sanat al-asās 1969</subfield>
  </datafield>
  <datafield tag="260" ind1=" " ind2=" ">
    <subfield code="a">Baghdād :</subfield>
    <subfield code="b">[s.n.],</subfield>
    <subfield code="c">1970.</subfield>
  </datafield>
  <datafield tag="300" ind1=" " ind2=" ">
    <subfield code="a">232 p. ;</subfield>
    <subfield code="c">24 cm.</subfield>
  </datafield>
  <datafield tag="651" ind1=" " ind2="0">
    <subfield code="a">Iraq</subfield>
    <subfield code="x">Economic conditions.</subfield>
  </datafield>
  <datafield tag="955" ind1=" " ind2=" ">
    <subfield code="b">CU51876132</subfield>
    <subfield code="d">off,bus</subfield>
    <subfield code="e">HC497.I7 A83</subfield>
  </datafield>
</record>
</collection>